%A few examples for the homies
%To get these, go to google scholar, click "cite" and then "BibTex"

@book{Copernicus1543,
    author    = {Copernicus, Nicolaus},
    title     = {De revolutionibus orbium coelestium},
    year      = {1543},
    publisher = {Johannes Petreius},
    address   = {Nuremberg}
}

@book{Hooke1665,
    author    = {Hooke, Robert},
    title     = {Micrographia: or Some Physiological Descriptions of Minute Bodies Made by Magnifying Glasses. With Observations and Inquiries Thereupon},
    year      = {1665},
    publisher = {Jo. Martyn and Ja. Allestry},
    address   = {London}
}

@book{Cajal1899,
    author    = {Ramón y Cajal, Santiago},
    title     = {Textura del Sistema Nervioso del Hombre y de los Vertebrados},
    year      = {1899},
    publisher = {Imprenta y Librería de Nicolás Moya},
    address   = {Madrid}
}

@article{Golgi1873,
    author    = {Golgi, Camillo},
    title     = {Sulla fina anatomia degli organi centrali del sistema nervoso},
    journal   = {Gazetta Medica Italiana Lombardia},
    volume    = {33},
    pages     = {244-246},
    year      = {1873},
    publisher = {Tipografia Francesco Vallardi},
    address   = {Milan, Italy}
}

% Add all the other papers here

